%% This BibTeX bibliography file was created using BibDesk.
%% https://bibdesk.sourceforge.io/

%!TEX root = main.tex



@misc{Zero-Trust-Cybersecurity,
    author = {Executive Office of the President--Office of Management and Budget},
    title = {Moving the U.S. Government Toward Zero Trust Cybersecurity Principles},
    year = {2022},
    note = {\url{https://www.whitehouse.gov/wp-content/uploads/2022/01/M-22-09.pdf}}
}




@article{de2013comparative,
  title={A comparative usability study of two-factor authentication},
  author={De Cristofaro, Emiliano and Du, Honglu and Freudiger, Julien and Norcie, Greg},
  journal={arXiv preprint arXiv:1309.5344},
  year={2013}
}



@inproceedings{BellareY03,
  author    = {Mihir Bellare and
               Bennet S. Yee},
  title     = {Forward-Security in Private-Key Cryptography},
  booktitle = {{CT-RSA}},
  year      = {2003}
}






@inproceedings{zhang2020strong,
  title={Strong Authentication without Temper-Resistant Hardware and Application to Federated Identities.},
  author={Zhang, Zhenfeng and Wang, Yuchen and Yang, Kang},
  booktitle={NDSS},
  year={2020}
}


@inproceedings{GentryMR06,
  author    = {Craig Gentry and
               Philip D. MacKenzie and
               Zulfikar Ramzan},
  title     = {A Method for Making Password-Based Key Exchange Resilient to Server
               Compromise},
  booktitle = {{CRYPTO}},
  year      = {2006}
}



@article{JareckiJKSS21,
  author    = {Stanislaw Jarecki and
               Mohammed Jubur and
               Hugo Krawczyk and
               Nitesh Saxena and
               Maliheh Shirvanian},
  title     = {Two-factor Password-authenticated Key Exchange with End-to-end Security},
  journal   = {{ACM} Trans. Priv. Secur.},
  year      = {2021}
}




@article{Scott12a,
  author    = {Michael Scott},
  title     = {Cryptanalysis of a recent two factor authentication scheme},
  journal   = {{IACR} Cryptol. ePrint Arch.},
  pages     = {527},
  year      = {2012}
}



@inproceedings {SARA22,
title = {{SARA}: Secure Android Remote Authorization},
booktitle = {USENIX Security},
year = {2022}
}



@inproceedings{PeetersPMOST22,
  author    = {Christian Peeters and
               Christopher Patton and
               Imani N. S. Munyaka and
               Daniel Olszewski and
               Thomas Shrimpton and
               Patrick Traynor},
  editor    = {Yuji Suga and
               Kouichi Sakurai and
               Xuhua Ding and
               Kazue Sako},
  title     = {{SMS} {OTP} Security {(SOS):} Hardening SMS-Based Two Factor Authentication},
  booktitle = {{ASIA} {CCS} '22: {ACM} Asia Conference on Computer and Communications
               Security, Nagasaki, Japan, 30 May 2022 - 3 June 2022},
  pages     = {2--16},
  publisher = {{ACM}},
  year      = {2022}
}



@inproceedings{KonothFFARB20,
  author    = {Radhesh Krishnan Konoth and
               Bj{\"{o}}rn Fischer and
               Wan J. Fokkink and
               Elias Athanasopoulos and
               Kaveh Razavi and
               Herbert Bos},
  title     = {SecurePay: Strengthening Two-Factor Authentication for Arbitrary Transactions},
  booktitle = {EuroS{\&}P},
  year      = {2020}
}



@inproceedings{KoganMB17,
  author    = {Dmitry Kogan and
               Nathan Manohar and
               Dan Boneh},
  title     = {T/Key: Second-Factor Authentication From Secure Hash Chains},
  booktitle = {{CCS}},
  publisher = {{ACM}},
  year      = {2017}
}



@misc{juels2016configurable,
  title={Configurable one-time authentication tokens with improved resilience to attacks},
  author={Juels, Ari and Triandopoulos, Nikolaos and Van Dijk, Marten and Brainard, John and Rivest, Ronald and Bowers, Kevin},
  year={2016},
  month=feb # "~23",
  publisher={Google Patents},
  note={US Patent 9,270,655}
}


@misc{Gemalto,
    author = {{Thales}},
    title = {Gemalto Dynamic Signing Token
A user-friendly token that enables strong authentication
and transaction data signing},
    year = {2020},
    note = {\url{https://www.thalesgroup.com/sites/default/files/database/document/2020-12/fs-dynamic-signing-token.pdf}, visited on 2022.05.28}
}




@misc{secureID,
    author = {{ RSA Security LLC}},
    title = {RSA SecurID Hardware Authenticators,
Technical Specifications},
    year = {2021},
    note = {\url{https://www.securid.com/wp-content/uploads/2021/11/rsa-securid-hardware-tokens-technical-specifications-012621.pdf}}
}


@online{Digipass-website,
    author = {{OneSpan}},
    title = {Digipass 770 Datasheet},
    note={\url {https://www.onespan.com/resources/digipass-770/datasheet#:~:text=Digipass\%20770\%20is\%20a\%20non,capturing\%20the\%20Cronto\%20activation\%20code.}},
}


@misc{DIGIPASS-doc,
    author = {{OneSpan}},
    title = {DIGIPASS 770},
    year = {2018},
    note = {\url{https://www.onespan.com/sites/default/files/2019-08/Digipass-770_datasheet.pdf}}
}


@inproceedings{biryukov2003cryptanalysis,
  title={Cryptanalysis of the alleged SecurID hash function},
  author={Biryukov, Alex and Lano, Joseph and Preneel, Bart},
  booktitle={International Workshop on Selected Areas in Cryptography},
  year={2003}
}


@article{kim2009more,
  title={More secure remote user authentication scheme},
  author={Kim, Sang-Kyun and Chung, Min Gyo},
  journal={Computer Communications},
  year={2009},
  publisher={Elsevier}
}




@article{radhakrishnan2022dependable,
  title={Dependable and Provable Secure Two-Factor Mutual Authentication Scheme Using ECC for IoT-Based Telecare Medical Information System},
  author={Radhakrishnan, Niranchana and Muniyandi, Amutha Prabakar},
  journal={Journal of Healthcare Engineering},
  year={2022},
  publisher={Hindawi}
}


@article{gupta2021machine,
  title={Machine learning and smart card based two-factor authentication scheme for preserving anonymity in telecare medical information system (TMIS)},
  author={Gupta, BB and Prajapati, Varun and Nedjah, Nadia and Vijayakumar, P and El-Latif, Ahmed A Abd and Chang, Xiaojun},
  journal={Neural Computing and Applications},
  year={2021}
}


@article{TianLHL20,
  author    = {Youliang Tian and
               Qiuxian Li and
               Jia Hu and
               Hui Lin},
  title     = {Secure limitation analysis of public-key cryptography for smart card
               settings},
  journal   = {World Wide Web},
  year      = {2020}
}





@article{ChaturvediDMM16,
  author    = {Ankita Chaturvedi and
               Ashok Kumar Das and
               Dheerendra Mishra and
               Sourav Mukhopadhyay},
  title     = {Design of a secure smart card-based multi-server authentication scheme},
  journal   = {J. Inf. Secur. Appl.},
  year      = {2016}
}



@inproceedings{WangGCW16,
  author    = {Ding Wang and
               Qianchen Gu and
               Haibo Cheng and
               Ping Wang},
  title     = {The Request for Better Measurement: {A} Comparative Evaluation of
               Two-Factor Authentication Schemes},
  booktitle = {AsiaCCS},
  year      = {2016}
}



@article{chang1991remote,
  title={Remote password authentication with smart cards},
  author={Chang, C-C and Wu, T-C},
  journal={IEE Computers and Digital Techniques},
  year={1991}
}




@inproceedings{ndss/FengLP021,
  author    = {Haonan Feng and
               Hui Li and
               Xuesong Pan and
               Ziming Zhao},
  title     = {A Formal Analysis of the {FIDO} {UAF} Protocol},
  booktitle = {{NDSS}},
  publisher = {The Internet Society},
  year      = {2021}
}


@inproceedings{LoutfiJ15,
  author    = {Ijlal Loutfi and
               Audun J{\o}sang},
  title     = {{FIDO} Trust Requirements},
  booktitle = {NordSec 2015},
  year      = {2015}
}




@article{ChangMSS17,
  author    = {Donghoon Chang and
               Sweta Mishra and
               Somitra Kumar Sanadhya and
               Ajit Pratap Singh},
  title     = {On Making {U2F} Protocol Leakage-Resilient via Re-keying},
  journal   = {{IACR} Cryptol. ePrint Arch.},
  pages     = {721},
  year      = {2017}
}




@inproceedings{PanosMNPX17,
  author    = {Christoforos Panos and
               Stefanos Malliaros and
               Christoforos Ntantogian and
               Angeliki Panou and
               Christos Xenakis},
  title     = {A Security Evaluation of FIDO's {UAF} Protocol in Mobile and Embedded
               Devices},
  booktitle = {{TIWDC}},
  year      = {2017}
}



@inproceedings{bonneau2010password,
  title={The Password Thicket: Technical and Market Failures in Human Authentication on the Web.},
  author={Bonneau, Joseph and Preibusch, S{\"o}ren},
  booktitle={WEIS},
  year={2010},
  organization={Citeseer}
}



@article{SinigagliaCCZ20,
  author    = {Federico Sinigaglia and
               Roberto Carbone and
               Gabriele Costa and
               Nicola Zannone},
  title     = {A survey on multi-factor authentication for online banking in the
               wild},
  journal   = {Comput. Secur.},
  year      = {2020}
}





@article{JacommeK21,
  author    = {Charlie Jacomme and
               Steve Kremer},
  title     = {An Extensive Formal Analysis of Multi-factor Authentication Protocols},
  journal   = {{ACM} Trans. Priv. Secur.},
  year      = {2021}
}

@inproceedings{BellarePR00,
  author    = {Mihir Bellare and
               David Pointcheval and
               Phillip Rogaway},
  title     = {Authenticated Key Exchange Secure against Dictionary Attacks},
  booktitle = {{EUROCRYPT}},
  year      = {2000}
}


@article{WangW18,
  author    = {Ding Wang and
               Ping Wang},
  title     = {Two Birds with One Stone: Two-Factor Authentication with Security
               Beyond Conventional Bound},
  journal   = {{IEEE} Trans. Dependable Secur. Comput.},
  year      = {2018}
}


@inproceedings{BressonCP03,
  author    = {Emmanuel Bresson and
               Olivier Chevassut and
               David Pointcheval},
  title     = {Security proofs for an efficient password-based key exchange},
  booktitle = {{CCS}},
  year      = {2003}
}


@book{KatzLindell2014,
  author    = {Jonathan Katz and
               Yehuda Lindell},
  title     = {Introduction to Modern Cryptography, Second Edition},
  publisher = {{CRC} Press},
  year      = {2014}
}



